@inproceedings{garfinkel2003virtual,
  title={A Virtual Machine Introspection Based Architecture for Intrusion Detection.},
  author={Garfinkel, Tal and Rosenblum, Mendel and others},
  booktitle={Proceedings of The Network and Distributed System Security Symposium},
  pages={191--206},
  series = {NDSS'03},
  year={2003}
}
@book{ayer2012language,
  title={Language, truth and logic},
  author={Ayer, Alfred Jules},
  volume={1},
  year={2012},
  publisher={Courier Corporation}
}
@book{richardson1998carnap,
  title={Carnap's construction of the world: The Aufbau and the emergence of logical empiricism},
  author={Richardson, Alan W},
  year={1998},
  publisher={Cambridge University Press}
}
@misc{hellter,
  title={The Structure of Scientific Revolutions},
  url = {https://en.wikipedia.org/wiki/The_Structure_of_Scientific_Revolutions},
  year={2019},
}
@book{sismondo2010introduction,
  title={An introduction to science and technology studies},
  author={Sismondo, Sergio},
  volume={1},
  year={2010},
  publisher={Wiley-Blackwell Chichester}
}
@book{textbook,
  title={Technology and social theory},
  author={Matthewman, Steve},
  year={2011},
  publisher={Macmillan International Higher Education}
}
@misc{marx1978marx,
  title={Marx-Engels Reader. Robert Tucker (Ed.) New York},
  author={Marx, Karl},
  year={1978},
  publisher={WW Norton \& Company, Inc}
}
@article{pinch1984social,
  title={The social construction of facts and artefacts: Or how the sociology of science and the sociology of technology might benefit each other},
  author={Pinch, Trevor J and Bijker, Wiebe E},
  journal={Social studies of science},
  volume={14},
  number={3},
  pages={399--441},
  year={1984},
  publisher={Sage Publications}
}